<record><leader>00000cas a22000007a 4500</leader><controlfield tag="001">11801884</controlfield><controlfield tag="008">850313d18561859wiuwr ne      0    0eng d</controlfield><datafield ind1=" " ind2=" " tag="010"><subfield code="a">sn 85040308 </subfield></datafield><datafield ind1=" " ind2=" " tag="040"><subfield code="a">NPV</subfield><subfield code="b">eng</subfield><subfield code="c">NPV</subfield><subfield code="d">DLC</subfield><subfield code="d">UBY</subfield><subfield code="d">OCLCF</subfield><subfield code="d">OCLCO</subfield><subfield code="d">OCLCA</subfield></datafield><datafield ind1="1" ind2=" " tag="029"><subfield code="a">AU@</subfield><subfield code="b">000025799276</subfield></datafield><datafield ind1=" " ind2=" " tag="042"><subfield code="a">msc</subfield></datafield><datafield ind1=" " ind2=" " tag="043"><subfield code="a">n-us-wi</subfield></datafield><datafield ind1=" " ind2=" " tag="045"><subfield code="a">w5w5</subfield></datafield><datafield ind1="0" ind2="0" tag="050"><subfield code="a">Newspaper 10216-X</subfield></datafield><datafield ind1=" " ind2=" " tag="052"><subfield code="a">4123</subfield><subfield code="b">K4</subfield></datafield><datafield ind1="0" ind2=" " tag="130"><subfield code="a">Kenosha tribune and telegraph (Kenosha, Wis. : 1856)</subfield></datafield><datafield ind1="0" ind2="0" tag="245"><subfield code="a">Kenosha tribune &amp; telegraph.</subfield></datafield><datafield ind1="1" ind2="0" tag="246"><subfield code="a">Kenosha tribune and telegraph</subfield></datafield><datafield ind1="1" ind2="3" tag="246"><subfield code="a">Tribune and telegraph</subfield></datafield><datafield ind1=" " ind2=" " tag="260"><subfield code="a">Kenosha, Wis. :</subfield><subfield code="b">Sholes, Schoff &amp; Butts,</subfield><subfield code="c">1856-1859.</subfield></datafield><datafield ind1=" " ind2=" " tag="300"><subfield code="a">3 v. :</subfield><subfield code="b">ill. (chiefly advertisements) ;</subfield><subfield code="c">65 cm.</subfield></datafield><datafield ind1=" " ind2=" " tag="310"><subfield code="a">Weekly</subfield></datafield><datafield ind1="0" ind2=" " tag="362"><subfield code="a">Vol. 17, no. 16 (Oct. 2, 1856)-v. 19, no. 52 (June 9, 1859).</subfield></datafield><datafield ind1=" " ind2=" " tag="530"><subfield code="a">Also available on microfilm from The State Historical Society of Wisconsin.</subfield></datafield><datafield ind1=" " ind2=" " tag="500"><subfield code="a">Editor: Sholes, Schoff &amp; Butts, 1856-Apr. 30, 1857.--Schoff &amp; Butts, May 7, 1857-Mar. 18, 1858.--M. Frank &amp; J.A. Butts, Mar. 25-Sept. 9, 1858.--W.T. Stone, L. Stone, S.C. Winegar, Sept. 16, 1858-1859.</subfield></datafield><datafield ind1=" " ind2="0" tag="651"><subfield code="a">Kenosha (Wis.)</subfield><subfield code="v">Newspapers.</subfield></datafield><datafield ind1=" " ind2="7" tag="655"><subfield code="a">Newspapers.</subfield><subfield code="2">fast</subfield><subfield code="0">(OCoLC)fst01423814</subfield></datafield><datafield ind1=" " ind2="7" tag="651"><subfield code="a">Wisconsin</subfield><subfield code="z">Kenosha.</subfield><subfield code="2">fast</subfield><subfield code="0">(OCoLC)fst01203049</subfield></datafield><datafield ind1=" " ind2=" " tag="752"><subfield code="a">United States</subfield><subfield code="b">Wisconsin</subfield><subfield code="c">Kenosha</subfield><subfield code="d">Kenosha.</subfield></datafield><datafield ind1="0" ind2="0" tag="780"><subfield code="t">Tribune and telegraph</subfield><subfield code="w">(DLC)sn 85040307</subfield></datafield><datafield ind1="0" ind2="0" tag="785"><subfield code="t">Kenosha telegraph and tribune</subfield><subfield code="w">(DLC)sn 85040309</subfield></datafield></record>